%------------------------------------------------------------------------
% Bibliography file for DIFFEV users guide ...
%------------------------------------------------------------------------

@BOOK{nedpro,
AUTHOR = {R.B. Neder and {Th.} Proffen},
TITLE = {{Diffuse scattering and defect structure simulations -
          A cook book using the program DISCUS }},
YEAR = {2007},
EDITION = {},
PUBLISHER = {Oxford University Press, Oxford, UK} }

@book{prstla2005,
   author    = {K. V. Price and R. M. Storn and J. A. Lampinen},
   title     = {Differential Evolution; A Practical Approach to Global Optimization},
   year      = {2005},
   publisher = {Springer, Berlin},
   ordner    = {Reinhard}
}

@article{neder2007,
   author    = {R. B. Neder and V. I. Korsunskiy and Ch. Chory and G. Müller and A. Hofmann and S. Dembski and Ch. Graf and  E. Rühl},
   title     = {Structural characterization of II-VI semiconductor nanoparticles},
   year      = {2007},
   journal   = {phys. stat. sol. (c)},
   volume    = {4},
   pages     = {3234-3243}
}
