%------------------------------------------------------------------------
% Bibliography file for REFINE users guide ...
%------------------------------------------------------------------------

@BOOK{nedpro,
AUTHOR = {R.B. Neder and {Th.} Proffen},
TITLE = {{Diffuse scattering and defect structure simulations -
          A cook book using the program DISCUS }},
YEAR = {2007},
EDITION = {},
PUBLISHER = {Oxford University Press, Oxford, UK} }

@book{prflteve1989,
   author    = {W. H. Press and B. P. Flannery and S. A. Teukolsky and W. T. Vetterling},
   title     = {Numerical Recipes; The art of Scientific Computing},
   year      = {1989},
   publisher = {Cambridge University Press, Cambridge},
   ordner    = {Reinhard}
}

@book{prstla2005,
   author    = {K. V. Price and R. M. Storn and J. A. Lampinen},
   title     = {Differential Evolution; A Practical Approach to Global Optimization},
   year      = {2005},
   publisher = {Springer, Berlin},
   ordner    = {Reinhard}
}

@article{ma1963,
author = {D. W. Marquardt},
title = { An Algorithm for Least-Squares Estimation of Nonlinear Parameters},
journal = {J. Soc. Ind. Appl. Math.},
year = {1963},
volume = {11},
pages = {431--441} 
}

@article{le1944,
author = { Levenberg},
title = {A Method for the Solution of Certain Problems in Least Squares},
journal = {Quart. Appl. Math.},
year = {1944},
volume = {2},
pages = {164 - 168}
}
