%------------------------------------------------------------------------
% Bibliography file for DISCSU SUITE users guide ...
%------------------------------------------------------------------------

@BOOK{nedpro,
AUTHOR = {R.B. Neder and {Th.} Proffen},
TITLE = {{Diffuse scattering and defect structure simulations -
          A cook book using the program DISCUS }},
YEAR = {2007},
EDITION = {},
PUBLISHER = {Oxford University Press, Oxford, UK} }

@book{prstla2005,
   author    = {K. V. Price and R. M. Storn and J. A. Lampinen},
   title     = {Differential Evolution; A Practical Approach to Global Optimization},
   year      = {2005},
   publisher = {Springer, Berlin},
   ordner    = {Reinhard}
}

@ARTICLE{chneko2007,
AUTHOR = {C. Chory and R. B. Neder and V. I. Korsunskiy and  
          F. Niederdraenk and Ch. Kumpf and E. Umbach and M. Schumm and 
          M. Lentze and J. Geurts and G. Astakhov and W. Ossau and  G. Meuller},
TITLE = {{ Influence of liquid-phase synthesis parameters on particle sizes and 
           structural properties of nanocrystalline ZnO powders}}
JOURNAL = {phys. stat. sol c},
YEAR = {2007},
VOLUME = {4},
PAGES = {3260--3269} 
}

@ARTICLE{neder2020,
AUTHOR = {R. N. Neder and T. Proffen},
TITLE = {Exact and fast calculation of the X-ray pair distribution function},
JOURNAL = {J. Appl. Cryst.},
YEAR = {2020},
VOLUME = {53},
PAGES = {710--721}
}
