%------------------------------------------------------------------------
% Bibliography file for PDFFIT users guide ...
%------------------------------------------------------------------------

@article{hoprco06,
author   = {R.C. Howell and {Th.} Proffen and S.D. Conradson},
title    = {{The pair distribution function and structure factor of spherical
             particles}},
journal  = {Phys. Rev. B},
year     = {2006},
volume   = {73},
pages    = {094107},
nb       = {pdf},
laur     = {LA-UR 05-8264},
facility = {lansce, npdf},
wwwemail = {rhowell@lanl.gov}
}

@article{fajuli06,
author   = {C.L. Farrow and P. Juhas and J.W. Liu and D. Bryndin and J. Bloch
            and {Th.} Proffen and S.J.L. Billinge},
title    = {{PDFfit2 and PDFgui: Computer Programs for Studying Nanostructure
             in Crystals}},
journal  = {J. Phys.: Condens. Matter},
year     = {2007},
note     = {in press},
nb       = {pdf, fitting},
laur     = {LA-UR 06-7842},
facility = {},
wwwemail = {billinge@pa.msu.edu}
}

@inproceedings{egami;lsfd98,
        author = {T. Egami},
        title = {{PDF Analysis applied to Crystalline Materials}},
        crossref = {billi;lsfd98},
        pages = {1}}

@inproceedings{billi;b;lsfd98,
        author = {S. J. L. Billinge},
        title = {{Real-Space Rietveld: Full Profile Structural
                 Refinement of the Atomic Pair Distribution Function}},
        crossref = {billi;lsfd98},
        pages = {137}}

@proceedings{billi;lsfd98,
        editor = {S. J. L. Billinge and M. F. Thorpe},
        title = {{Local Structure from Diffraction}},
        booktitle = {{Local Structure from Diffraction}},
        publisher = {Plenum},
        address = {New York},
        year = {1998}}

@inproceedings{thlele02,
        author = {M.F. Thorpe and V.A. Levashov and M. Lei and S.J.L. Billinge},
        title = {{Notes on the Analysis of Data for Pair
                  Distribution Functions}},
        crossref = {billi;fstop02},
        pages = {105}}

@proceedings{billi;fstop02,
        editor = {S. J. L. Billinge and M. F. Thorpe},
        booktitle = {{From Semiconductors to Proteins}},
        publisher = {Plenum},
        address = {New York},
        year = {2002}}

@Article{rohemo98,
  author =   {J. Rodr\'iguez-Carvajal and M. Hennion and
                  F. Moussa and A.H. Moudden and L. Pinsard and
                  A. Revcolevschi},
  title =    {{Neutron-Diffraction Study of the Jahn-Teller Transition
                   in stoichiometric $LaMnO_{3}$}},
  journal =      {Phys. Rev. B},
  year =     {1998},
  volume =   {57},
  number =   {6},
  pages =    {R3189--R3192},
}

@article{jehe02,
author  = {{I.-K.} Jeong and R.H. Heffner and M.J. Graf and S.J.L. Billinge},
title   = {{ Lattice dynamics and correlated motion from the atomic pair
             distribution function}},
journal = {cond-mat/0209603v1},
year    = {2002}}

@article{prne97,
author  = {Th. Proffen and R.B. Neder},
title   = {{ DISCUS, a Program for Diffuse Scattering and Defect Structure
             Simulations }},
journal = {J. Appl. Cryst.},
year    = {1997},
volume  = {30},
pages   = {171}}

@article{rietv;jac69,
author  = { H.M. Rietveld },
title   = {{A profile refinement method for nuclear and magnetic structures}},
journal = {J. Appl. Cryst.} ,
volume  = {2},
pages   = {65--71},
year    = {1969}}

@ARTICLE{webu95,
AUTHOR = {T.R. Welberry and B.D. Butler},
TITLE = {{ Diffuse X-ray Scattering from Disordered Crystals }},
JOURNAL = {Chem. Rev.},
YEAR = {1995},
VOLUME = {95},
PAGES = {2369--2403} }

@ARTICLE{fr95,
AUTHOR = {F. Frey},
TITLE = {{ Diffuse Scattering from Disordered Crystals }},
JOURNAL = {Acta Cryst. B},
YEAR = {1995},
VOLUME = {51},
PAGES = {592--602} }

@ARTICLE{nikemc95,
AUTHOR = {V.M. Nield and D.A. Keen and R.L. McGreevy},
TITLE = {{ The Interpretation of Single Crystal Diffuse Scattering
           using Reverse Monte Carlo Modelling }},
JOURNAL = {Acta Cryst. A},
YEAR = {1995},
VOLUME = {51},
PAGES = {763--771} }

@ARTICLE{wepr98,
AUTHOR  = {T.R. Welberry and Th. Proffen},
TITLE   = {{ Analysis of Diffuse Scattering from Single Crystals {\it via}
           Reverse Monte Carlo: I. Comparison with Direct Monte Carlo }},
JOURNAL = {J. Appl. Cryst.},
YEAR    = {1998},
VOLUME  = {31},
PAGES   = {309--317} }

@ARTICLE{prwe98b,
AUTHOR  = {Th. Proffen and T.R. Welberry},
TITLE   = {{ Analysis of Diffuse Scattering from Single Crystals {\it via}
             Reverse Monte Carlo Technique: II. The Defect Structure of
             Calcium Stabilised Zirconia }},
JOURNAL = {J. Appl. Cryst.},
YEAR    = {1998},
VOLUME  = {31},
PAGES   = {318--326} }

@ARTICLE{prwe97b,
AUTHOR  = {Th. Proffen and T.R. Welberry},
TITLE   = {{ Analysis of Diffuse Scattering {\it via} Reverse Monte
             Carlo Technique: a Systematic Investigation }},
JOURNAL = {Acta Cryst. A},
YEAR    = {1997},
VOLUME  = {53},
PAGES   = {202--216}}

@ARTICLE{bieg93,
AUTHOR  = {S.J.L. Billinge and T. Egami},
TITLE   = {{Short-Range Atomic Structure of $Nd_{2-x}Ce_{x}CuO_{4-y}$
            Determined by Real-Space Refinement of Neutron-Powder-Diffraction
            Data}},
JOURNAL = {Phys. Rev. B},
YEAR    = {1993},
VOLUME  = {47},
PAGES   = {14386--14406} }

@BOOK{warren,
AUTHOR = {B.E. Warren},
TITLE = {{ X-ray Diffraction }},
YEAR = {1990},
ADDRESS = {New York},
PUBLISHER = {Dover Publications Inc.}}

@ARTICLE{toeg92,
AUTHOR  = {B.H. Toby and T. Egami},
TITLE   = {{Accuracy of Pair Distribution Function Analysis Applied
            to Crystalline and Non-Crystalline Materials}},
JOURNAL = {Acta Cryst. A},
YEAR    = {1992},
VOLUME  = {48},
PAGES   = {336--346} }

@ARTICLE{jeprmjbi98,
AUTHOR  = {I.K. Jeong and Th. Proffen and F. Mohiuddin-Jacobs and
           S.J.L. Billinge},
TITLE   = {{Measuring Correlated Atomic Motion using X-Ray Diffraction}},
JOURNAL = {J. Phys. Chem. B},
YEAR    = {1998},
NOTE    = {accepted} }

@BOOK{sands,
AUTHOR = {D.E. Sands},
TITLE = {{ Vectors and Tensors in Crystallography }},
YEAR = {1995},
EDITION = {1},
ADDRESS = {New York},
PUBLISHER = {Dover Publications Inc.} }

@BOOK{tables,
AUTHOR = {A.J.C. Wilson and U. Shmuelli and T. Hahn},
TITLE = {{ International Tables for Crystallography }},
YEAR = {1983},
EDITION = {1},
PUBLISHER = {Dordrecht, Holland} }

@BOOK{waseda,
AUTHOR = {Y. Waseda},
TITLE = {{ The Structure of Non-Crystalline Materials }},
YEAR = {1986},
EDITION = {1},
PUBLISHER = {McGraw-Hill, New York} }

@Misc{prog;atoms,
  author =   {E. Dowty},
  title =    {{ATOMS for Windows and Macintosh}},
  howpublished = {Shape Software},
  year =     {1997},
  note =     {WWW: http://www.shapesoftware.com/}}
