%----------------------------------------------------------------------
% DISCUS Manual literature data base
%----------------------------------------------------------------------

@COMMENT{Diffuse scattering literature}

%----------------------------------------------------------------------
% Own articles
%----------------------------------------------------------------------

@ARTICLE{prbi99,
AUTHOR  = {Th. Proffen and S.J.L. Billinge},
TITLE   = {{\emph{PDFFIT}, a Program for Full Profile Structural Refinement
            of the Atomic Pair Distribution Function}},
JOURNAL = {J. Appl. Cryst.},
YEAR    = {1999},
NOTE    = {in press} }

@ARTICLE{prwe97,
AUTHOR = {Th. Proffen and T.R. Welberry},
TITLE = {{ Analysis of Diffuse Scattering {\it via} Reverse Monte
           Carlo Technique: a Systematic Investigation }},
JOURNAL = {Acta Cryst. A},
YEAR = {1997},
VOLUME = {53},
PAGES = {202--216}}

@ARTICLE{prwe97a,
AUTHOR = {Th. Proffen and T.R. Welberry},
TITLE = {{ FOURDEM: A Demonstration Program for Fourier Synthesis and
           Other Crystallographic Concepts }},
JOURNAL = {J. Appl. Cryst.},
YEAR = {1997},
VOLUME = {30},
PAGES = {567}}

@ARTICLE{prwe97b,
AUTHOR = {Th. Proffen and T.R. Welberry},
TITLE = {{ Analysis of Diffuse Scattering from Single Crystals {\it via}
           Reverse Monte Carlo Technique: II. The Defect Structure of
           Calcium Stabilised Zirconia }},
JOURNAL = {J. Appl. Cryst.},
YEAR = {1997},
NOTE = {in press} }

@ARTICLE{prwe97c,
AUTHOR = {Th. Proffen and T.R. Welberry},
TITLE = {{ Analysis of Diffuse Scattering of Single Crystals using
           Monte Carlo Methods }},
JOURNAL = {Phase Trans.},
YEAR = {1997},
NOTE = {in press} }

@ARTICLE{prwe97d,
AUTHOR = {Th. Proffen and T.R. Welberry},
TITLE = {{ An Improved Method for Analysing Single Crystal Diffuse
           Scattering using the Reverse Monte Carlo Technique }},
JOURNAL = {Z. Kristallogr.},
YEAR = {1997},
VOLUME = {212},
PAGES = {764--768} }

@ARTICLE{prwe97e,
AUTHOR = {Th. Proffen and T.R. Welberry},
TITLE = {{ Analysis of Diffuse Scattering of Single Crystals using
           Monte Carlo Methods }},
JOURNAL = {Phase Trans.},
YEAR = {1997},
NOTE = {in press} }

@ARTICLE{wepr97,
AUTHOR = {T.R. Welberry and Th. Proffen},
TITLE = {{ Analysis of Diffuse Scattering from Single Crystals {\it via}
           Reverse Monte Carlo: I. Comparison with Direct Monte Carlo }},
JOURNAL = {J. Appl. Cryst.},
YEAR = {1997},
NOTE = {in press} }

@ARTICLE{pr97,
AUTHOR = {Th. Proffen},
TITLE = {{ Analysis of the Diffuse Neutron and X-ray Scattering of
           Stabilised Zirconia using the Reverse Monte Carlo Method }},
JOURNAL = {Physica B},
YEAR = {1997},
NOTE = {in press} }

@ARTICLE{prne97,
AUTHOR = {Th. Proffen and R.B. Neder},
TITLE = {{ DISCUS, a Program for Diffuse Scattering and Defect Structure
           Simulations }},
JOURNAL = {J. Appl. Cryst.},
YEAR = {1997},
VOLUME = {30},
PAGES = {171--175} }

@ARTICLE{kafrboprma96,
AUTHOR = {H. Kahlert and F. Frey and H. Boysen and Th. Proffen and S. Mason},
TITLE = {{ Structural Investigations of the Ionic Conductivity in
           Zirconia Single Crystals by Neutron Diffraction at High
           Temperatures and Simultaneously Applied Electric Field }},
JOURNAL = {Ionics},
YEAR = {1996},
VOLUME = {2},
PAGES = {88--94} }

@ARTICLE{nepr96,
AUTHOR = {R.B. Neder and Th. Proffen},
TITLE = {{ Teaching diffraction with the aid of computer simulations}},
JOURNAL = {J. Appl. Cryst.},
YEAR = {1996},
VOLUME = {29},
PAGES = {727--735} }

@ARTICLE{prkenefrke96,
AUTHOR = {Th. Proffen and M. Keilholz and R.B. Neder and F. Frey and D.A. Keen},
TITLE = {{ Neutron and X-ray Diffuse Scattering of Calcium Stabilized
           Zirconia at Temperatures up to 1500K}},
JOURNAL = {Acta Cryst. B},
YEAR = {1996},
VOLUME = {52},
PAGES = {66--71} }

@ARTICLE{prnefr96b,
AUTHOR = {Th. Proffen and R.B. Neder and F. Frey},
TITLE = {{ 3D Dataset of Diffuse X-Ray Scattering of Calcium
           Stabilized Zirconia}},
JOURNAL = {J. Solid State Chem.},
YEAR = {1996},
VOLUME = {126},
PAGES = {33--37} }

@ARTICLE{prnefr96,
AUTHOR = {Th. Proffen and R.B. Neder and F. Frey},
TITLE = {{ Neutron and X-ray Diffuse Scattering of Calcium Stabilized
           Zirconia}},
JOURNAL = {Acta Cryst. B},
YEAR = {1996},
VOLUME = {52},
PAGES = {59--65} }

@ARTICLE{prfrpl95,
AUTHOR = {Th. Proffen and F. Frey and H. Pl\"ockl},
TITLE = {{ A Mirror Furnace for Synchrotron Diffraction
           Experiments up to 1600 K}},
JOURNAL = {J. Synchrotron Rad.},
YEAR = {1995},
VOLUME = {2},
PAGES = {229--232} }

@ARTICLE{hrprfrkekrwo94,
AUTHOR = {K. Hradil and Th. Proffen and F. Frey and S. Kek and H.G. Krane
          and T. Wroblewski},
TITLE = {{ X-Ray Diffuse Scattering in the Decagonal Phases
           $Al_{70}Ni_{15}Co_{15}$, $Al_{72.5}Ni_{11}Co_{16.5}$ and
           $Al_{62}Cu_{20}Co_{15}Si_{3}$ up to 1150 K}},
JOURNAL = {Phil. Mag. B},
YEAR = {1994},
VOLUME = {71},
PAGES = {955--966} }

@ARTICLE{hrprfreike94,
AUTHOR = {K. Hradil and Th. Proffen and F. Frey and K. Eichhorn and S. Kek},
TITLE = {{ Diffuse Scattering of Decagonal $Al_{70}Ni_{15}Co_{15}$ measured
           with Synchrotron Radiation}},
JOURNAL = {Phil. Mag. Lett.},
YEAR = {1994},
VOLUME = {71},
PAGES = {199--205} }

@ARTICLE{prnefrkeze93,
AUTHOR = {Th. Proffen and R.B. Neder and F. Frey and D.A. Keen
          and C.M.E. Zeyen},
TITLE = {{ Defect Structure and Diffuse Scattering of Zirconia Single
           Crystals with 10 and 15 mol\% CaO at Temperatures up to 1750 K}},
JOURNAL = {Acta Cryst. B},
YEAR = {1993},
VOLUME = {49},
PAGES = {605--610} }

@ARTICLE{prnefras93,
AUTHOR = {Th. Proffen and R.B. Neder and F. Frey and W. Assmus},
TITLE = {{ Defect Structure and Diffuse Scattering of Zirconia Single
           Crystals doped with 7 mol\% CaO}},
JOURNAL = {Acta Cryst. B},
YEAR = {1993},
VOLUME = {49},
PAGES = {599--604} }

@ARTICLE{nepr2021,
AUTHOR = {R.B. Neder and Th. Proffen},
TITLE = {{ Exact and fast calculation of the X-ray pair distribution function}},
JOURNAL = {J. Appl. Cryst.},
YEAR = {2021},
VOLUME = {53},
PAGES = {710--721} }

%----------------------------------------------------------------------
% review articles
%----------------------------------------------------------------------

@ARTICLE{fr97,
AUTHOR = {F. Frey},
TITLE = {{ Diffuse Scattering from Periodic and Aperiodic Crystals }},
JOURNAL = {Z. Kristallogr.},
YEAR = {1997},
VOLUME = {212},
PAGES = {257--282} }

@ARTICLE{webu95,
AUTHOR = {T.R. Welberry and B.D. Butler},
TITLE = {{ Diffuse X-ray Scattering from Disordered Crystals }},
JOURNAL = {Chem. Rev.},
YEAR = {1995},
VOLUME = {95},
PAGES = {2369--2403} }

@ARTICLE{fr95,
AUTHOR = {F. Frey},
TITLE = {{ Diffuse Scattering from Disordered Crystals }},
JOURNAL = {Acta Cryst. B},
YEAR = {1995},
VOLUME = {51},
PAGES = {592--602} }

@ARTICLE{webu94,
AUTHOR = {T.R. Welberry and B.D. Butler},
TITLE = {{ Interpretation of Diffuse X-ray Scattering {\it via} Models
           of Disorder }},
JOURNAL = {J. Appl. Cryst.},
YEAR = {1994},
VOLUME = {27},
PAGES = {205--231} }

@ARTICLE{ja87,
AUTHOR = {H. Jagodzinski},
TITLE = {{ Diffuse X-ray Scattering from Crystals }},
JOURNAL = {Prog. Cryst. Growth},
YEAR = {1987},
VOLUME = {14},
PAGES = {47--102} }

@ARTICLE{we85,
AUTHOR = {T.R. Welberry},
TITLE = {{ Diffuse X-ray Scattering and Models of Disorder }},
JOURNAL = {Rep. Prog. Phys.},
YEAR = {1985},
VOLUME = {48},
PAGES = {1543--1593} }

%----------------------------------------------------------------------
% other diffuse scattering related articles
%----------------------------------------------------------------------

@ARTICLE{nikemc95,
AUTHOR = {V.M. Nield and D.A. Keen and R.L. McGreevy},
TITLE = {{ The Interpretation of Single Crystal Diffuse Scattering
           using Reverse Monte Carlo Modelling }},
JOURNAL = {Acta Cryst. A},
YEAR = {1995},
VOLUME = {51},
PAGES = {763--771} }

@ARTICLE{buwiwe92,
AUTHOR = {B.D. Butler and R.L. Withers and T.R. Welberry},
TITLE = {{ Diffuse Absences due to the Atomic Size Effect }},
JOURNAL = {Acta Cryst. A},
YEAR = {1992},
VOLUME = {48},
PAGES = {737--746} }

@ARTICLE{buwe92,
AUTHOR = {B.D. Butler and T.R. Welberry},
TITLE = {{ Calculation of Diffuse Scattering from Simulated Disordered
           Crystals: a Comparison with Optical Transforms }},
JOURNAL = {J. Appl. Cryst.},
YEAR = {1992},
VOLUME = {25},
PAGES = {391--399} }

@ARTICLE{nefrsc90,
AUTHOR = {R.B. Neder and F. Frey and H. Schulz},
TITLE = {{ Diffraction Theory for Diffuse Scattering by Correlated Microdomains
           in Materials with Several Atoms per Unit Cell }},
JOURNAL = {Acta Cryst. A},
YEAR = {1990},
VOLUME = {46},
PAGES = {792--798} }

@ARTICLE{nefrsc90b,
AUTHOR = {R.B. Neder and F. Frey and H. Schulz},
TITLE = {{ Defect Structure of Zirconia ($Zr_{0.85}Ca_{0.15}O_{1.85}$)
           at 290 and 1550K }},
JOURNAL = {Acta Cryst. A},
YEAR = {1990},
VOLUME = {46},
PAGES = {799--809} }

@ARTICLE{mcpu88,
AUTHOR = {R.L. McGreevy and L. Pusztai},
TITLE = {{ Reverse Monte Carlo Simulation: a New Technique for the
           Determination of Disordered Structures }},
JOURNAL = {Mol. Simul.},
YEAR = {1988},
VOLUME = {1},
PAGES = {359--367} }

@ARTICLE{bral85,
AUTHOR = {I.D. Brown and D. Altermatt},
TITLE = {{ Bond-valence Parameters Obtained from a Systematic
           Analysis of the Inorganic Crystal Structure Database. }},
JOURNAL = {Acta Cryst.},
YEAR = {1985},
VOLUME = {B41},
PAGES = {244--247} }

@ARTICLE{brok91,
AUTHOR = {N.E. Brese and M. O'Keeffe},
TITLE = {{ Bond-valence Parameters for Solids}},
JOURNAL = {Acta Cryst.},
YEAR = {1991},
VOLUME = {B47},
PAGES = {192--197}}

@ARTICLE{we86,
AUTHOR = {T.R. Welberry},
TITLE = {{ Multi-Site Correlations and the Atomic Size Effect }},
JOURNAL = {J. Appl. Cryst.},
YEAR = {1986},
VOLUME = {19},
PAGES = {382--389} }

@ARTICLE{merorotete53,
AUTHOR = {N. Metropolis and A.W. Rosenbluth and M.N Rosenbluth and
          A.H Teller and E.J. Teller},
TITLE = {{ Equation of State Calculations by Fast Computing Machines }},
JOURNAL = {J. Chem. Phys.},
YEAR = {1953},
VOLUME = {21},
PAGES = {1087--1094} }

%----------------------------------------------------------------------
% PDF related papers
%----------------------------------------------------------------------

@inproceedings{egami;lsfd98,
        author = {T. Egami},
        title = {{PDF Analysis applied to Crystalline Materials}},
        crossref = {billi;lsfd98},
        pages = {1}}

@inproceedings{billi;b;lsfd98,
        author = {S. J. L. Billinge},
        title = {{Real-Space Rietveld: Full Profile Structural
                 Refinement of the Atomic Pair Distribution Function}},
        crossref = {billi;lsfd98},
        pages = {137}}

@proceedings{billi;lsfd98,
        editor = {S. J. L. Billinge and M. F. Thorpe},
        title = {{Local Structure from Diffraction}},
        booktitle = {{Local Structure from Diffraction}},
        publisher = {Plenum},
        address = {New York},
        year = {1998}}


@Article{rohemo98,
  author =   {J. Rodr\'iguez-Carvajal and M. Hennion and
                  F. Moussa and A.H. Moudden and L. Pinsard and
                  A. Revcolevschi},
  title =    {{Neutron-Diffraction Study of the Jahn-Teller Transition
                   in stoichiometric $LaMnO_{3}$}},
  journal =      {Phys. Rev. B},
  year =     {1998},
  volume =   {57},
  number =   {6},
  pages =    {R3189--R3192},
}

@article{rietv;jac69,
author  = { H.M. Rietveld },
title   = {{A profile refinement method for nuclear and magnetic structures}},
journal = {J. Appl. Cryst.} ,
volume  = {2},
pages   = {65--71},
year    = {1969}}


@ARTICLE{bieg93,
AUTHOR  = {S.J.L. Billinge and T. Egami},
TITLE   = {{Short-Range Atomic Structure of $Nd_{2-x}Ce_{x}CuO_{4-y}$
            Determined by Real-Space Refinement of Neutron-Powder-Diffraction
            Data}},
JOURNAL = {Phys. Rev. B},
YEAR    = {1993},
VOLUME  = {47},
PAGES   = {14386--14406} }

@ARTICLE{bifa2013,
AUTHOR  = {S.J.L. Billinge and Ch. L. Farrow},
TITLE   = {{Toward a robust ad hoc data correction approach that yields
            reliable atomic pair distribution functions from powder  diffraction
            data}},
JOURNAL = {J. Phys.:: Condens Matter},
YEAR    = {2013},
VOLUME  = {25},
PAGES   = {454202} }

@BOOK{warren,
AUTHOR = {B.E. Warren},
TITLE = {{ X-ray Diffraction }},
YEAR = {1990},
ADDRESS = {New York},
PUBLISHER = {Dover Publications Inc.}}

@ARTICLE{toeg92,
AUTHOR  = {B.H. Toby and T. Egami},
TITLE   = {{Accuracy of Pair Distribution Function Analysis Applied
            to Crystalline and Non-Crystalline Materials}},
JOURNAL = {Acta Cryst. A},
YEAR    = {1992},
VOLUME  = {48},
PAGES   = {336--346} }

@ARTICLE{jeprmjbi98,
AUTHOR  = {I.K. Jeong and Th. Proffen and F. Mohiuddin-Jacobs and
           S.J.L. Billinge},
TITLE   = {{Measuring Correlated Atomic Motion using X-Ray Diffraction}},
JOURNAL = {J. Phys. Chem. B},
YEAR    = {1998},
NOTE    = {accepted} }

%----------------------------------------------------------------------
% books
%----------------------------------------------------------------------

@BOOK{nedpro,
AUTHOR = {R.B. Neder and {Th.} Proffen},
TITLE = {{Diffuse scattering and defect structure simulations -
          A cook book using the program DISCUS }},
YEAR = {2007},
EDITION = {},
PUBLISHER = {Oxford University Press, Oxford, UK} }

@BOOK{cowley,
AUTHOR = {J.M. Cowley},
TITLE = {{ Diffraction Physics }},
YEAR = {1995},
EDITION = {3},
PUBLISHER = {Elsevier Science B.V.} }

@BOOK{binder,
EDITOR = {K. Binder},
TITLE = {{ The Monte Carlo Method in Condensed Matter Physics }},
SERIES = {{ Topics in Applied Physics }},
VOLUME = {71},
YEAR = {1995},
EDITION = {1},
PUBLISHER = {Springer} }

@BOOK{sands,
AUTHOR = {D.E. Sands},
TITLE = {{ Vectors and Tensors in Crystallography }},
YEAR = {1995},
EDITION = {1},
PUBLISHER = {Dover Publications Inc.} }

@BOOK{tables,
AUTHOR = {M.I. Aroyo and A.J.C. Wilson and U. Shmuelli and T. Hahn},
TITLE = {{ International Tables for Crystallography }},
YEAR = {2016},
EDITION = {6},
PUBLISHER = {Dordrecht, Holland} }

@INBOOK{jafr93,
AUTHOR = {H. Jagodzinski and F. Frey},
TITLE = {{ Disorder Diffuse Scattering of X-rays and Neutrons }},
YEAR = {1993},
CHAPTER = {4.2},
TYPE = {International Tables of Crystallography B},
PAGES = {392--432},
PUBLISHER = {IUCr} }

@Misc{prog;atoms,
  author =   {E. Dowty},
  title =    {{ATOMS for Windows and Macintosh}},
  howpublished = {Shape Software},
  year =     {1997},
  note =     {WWW: http://www.shapesoftware.com/}}

@BOOK{waseda,
AUTHOR = {Y. Waseda},
TITLE = {{ The Structure of Non-Crystalline Materials }},
YEAR = {1986},
EDITION = {1},
PUBLISHER = {McGraw-Hill, New York} }
