@article{pdfgui,
author   = {C.L. Farrow and P. Juhas and J.W. Liu and D. Bryndin and J. Bloch
            and {Th.} Proffen and S.J.L. Billinge},
title    = {{PDFfit2 and PDFgui: Computer Programs for Studying Nanostructure
             in Crystals}},
journal  = {J. Phys.: Condens. Matter},
year     = {2007},
volume   = {19},
pages    = {335219}
}

@article{discus,
author   = {{Th.} Proffen and R.~B. Neder},
title    = {{ DISCUS, a Program for Diffuse Scattering and Defect Structure
              Simulations }},
journal  = {J. Appl. Cryst.},
year     = {1997},
volume   = {30},
pages    = {171--175},
nb       = {diffuse, simulation, software},
wwwemail = {proffen@pa.msu.edu},
wwwhome  = {http://www.pa.msu.edu/~proffen/discus/discus.html}
}

@article{mixscat,
author   = {C. Wurden and K.L. Page and A. Llobet and {Th.} Proffen},
title    = {{Extracting Differential Pair Distribution Functions using 
             MIXSCAT}},
journal  = {J. Appl. Cryst.},
year     = {2010},
note     = {submitted}
}


@article{pdfgetn,
author   = {P.F. Peterson and M. Gutmann and {Th.} Proffen and S.J.L. Billinge},
title    = {{\sc PDFgetN}: A User-Friendly Program to Extract the Total Scattering Structure Function and the Pair Distribution Function from Neutron Powder Diffraction Data},
journal  = {J. Appl. Cryst.},
year     = {2000},
volume   = {33},
pages    = {1192}
}

@article{pdfgetx2,
author   = {X. Qiu and J.W. Thompson and S.J.L. Billinge},
title    = {{\sc PDFgetX2}: A {GUI} driven program to obtain the pair  distribution function from {X-ray} powder diffraction data},
journal  = {J. Appl. Cryst.},
year     = {2004},
volume   = {37},
pages    = {678}
}

